<?xml version="1.0" encoding="UTF-8"?><collection xmlns="http://www.loc.gov/MARC21/slim"><record><leader>00505nam--2200133-i-4500</leader><controlfield tag="001">000038579</controlfield><controlfield tag="002">20161230</controlfield><controlfield tag="005">20161230201041</controlfield><controlfield tag="008">060222s1000------------r-----000-0-eng-d</controlfield><datafield ind1=" " ind2=" " tag="080"><subfield code="a">341.67:623.454.8:614.876</subfield></datafield><datafield ind1=" " ind2=" " tag="245"><subfield code="a">Il regime giuridico dell`impiego pacifico dell`energia nucleare con particolare riguardo alla sicurezza nucleare e alla protezione sanitaria. vol.1:normativa nazionale</subfield></datafield><datafield ind1=" " ind2=" " tag="260"><subfield code="a">Roma, Comitato Nazionale Energia Nucleare, 1970. 237 P.</subfield></datafield><datafield ind1=" " ind2=" " tag="490"><subfield code="a">Serie Documentazioni</subfield></datafield><datafield ind1=" " ind2=" " tag="852"><subfield code="a">36510</subfield></datafield></record></collection>